@article{carr1961history,
  title={What is history?},
  author={Carr, Edward Hallett and Evans, Richard J and Evans, Richard J},
  year={1961},
  publisher={JSTOR}
}

